% Journal Article Examples


@COMMENT{
@article{Ma07,
	Title = {Segmentation of multivariate mixed data via lossy coding and compression},
	Journal = {IEEE Transactions on Pattern Analysis and Machine Intelligence},
	Author = {Y. Ma and H. Derksen and W. Hong and J. Wright},
	Year = {2007},
	Volume = {29},
	Number = {9},
	Pages = {1546--1562}
}
}





% Conference Article Examples
@COMMENT{
@inproceedings{Sekmen2016,
  	author = {Ali Sekmen and Akram Aldroubi and Ahmet Bugra Koku},
  	title = {Skeleton decomposition analysis for subspace clustering},
  	booktitle = {2016 {IEEE} International Conference on Big Data, BigData 2016, Washington DC, USA, December 5-8, 2016},
  	pages = {1841--1848},
  	year = {2016}
  }
}

% Book Examples

@book{Ponce03,
   	author = {David Forsyth and Jean Ponce},
  	 title = {Computer vision: a modern approach},
  	 publisher = {Prentice Hall series in artificial intelligence},
   	year = {2003}
 }
   


% Website Example

@COMMENT{
 @Misc{Malcolm19,
	title = {Designing New Proteins Could Lead to Cancer Treatment},
	howpublished = {\url{https://labblog.uofmhealth.org/lab-report/designing-new-proteins-could-lead-}},
	month = {2},
	year = {2019},
	note = {Accessed June 13, 2021},
	author = {Kelly Malcolm}
 }
}   


@Misc{lumenproteins,
    title = {Proteins},
    howpublished = {\url{https://courses.lumenlearning.com/boundless-biology/chapter/proteins/}},
    year = {2013},
    note = {Accessed June 13, 2021}
}

@Misc{Foote19,
    title = {A Brief History of Machine Learning},
    howpublished = {\url{https://www.dataversity.net/a-brief-history-of-machine-learning/}},
	note = {Accessed June 20, 2021},
    author = {Keith D. Foote}
}

@Misc{Heath20,
    title = {What is machine learning? Everything you need to know},
    howpublished = {\url{https://www.zdnet.com/article/what-is-machine-learning-everything-you-need-to-know/}},
    note = {Accessed June 20, 2021},
    author = {Nick Heath}
}

@Misc{ExpertAI20,
    title = {What is Machine Learning? A Definition.},
    howpublished = {\url{https://www.expert.ai/blog/machine-learning-definition/}},
    note = {Accessed June 20, 2021}
}

@Misc{Brownlee16,
    title = {Supervised and Unsupervised Machine Learning Algorithms},
    howpublished = {\url{https://machinelearningmastery.com/supervised-and-unsupervised-machine-learning-algorithms/}},
    note = {Accessed June 20, 2021},
    author = {Jason Brownlee}
}

@Misc{Guru99,
    title = {Unsupervised Machine Learning: What is, Algorithms, Example},
    howpublished = {\url{https://www.guru99.com/unsupervised-machine-learning.html}},
    note = {Accessed June 20, 2021}
}

@Misc{Murrell19,
    title = {DNA: What is, DNA, Example},
    howpublished = {\url{https://www.healthline.com/health/what-is-dna}},
    note = {Accessed June 21, 2021}
}

@Misc{Toomey13,
    title = {DNA: What is, DNA, Example},
    howpublished = {\url{https://biologydictionary.net/genetics/.html}},
    note = {Accessed June 21, 2021},
    year = {2013}
}

@Misc{Saha18,
    title = {A Comprehensive Guide to Deep Convolutional Neural Networks - The ELI5 Way},
    howpublished = {\url{https://towardsdatascience.com/a-comprehensive-guide-to-convolutional-neural-networks-the-eli5-way-3bd2b1164a53}},
    note = {Accessed June 22, 2021},
    author = {Sumit Saha},
    year = {2018}
}

@Misc{IBM20,
    title = {What are Neural Networks?},
    howpublished = {\url{https://www.ibm.com/cloud/learn/neural-networks}},
    note = {Accessed June 22, 2021},
    author = {IBM Cloud Education},
    year = {2020}
}

@Misc{Yiu19,
    title = {Understanding Random Forest},
    howpublished = {\url{https://towardsdatascience.com/understanding-random-forest-58381e0602d2}},
    note = {Accessed June 22, 2021},
    author = {Tony Yiu},
    year = {2019},
    month = {6}
}

@Misc{mnistds,
    title = {THE MNIST DATABASE of handwritten digits},
    howpublished = {\url{http://yann.lecun.com/exdb/mnist/}},
    note = {Accessed June 22, 2021}
}
